@misc{Buterin13,
        author = {Buterin, V.},
        note = {Available at \url{https://ethereum.org/en/whitepaper/}},
        title = {Ethereum {W}hitepaper},
        year = {2013}
}

@Misc{hotmoka,
  key =          {hotmoka},
  title = 	 {Hotmoka -- {B}lockchain and {I}o{T} with {S}mart {C}ontracts in {J}ava},
  howpublished = {Available at \url{https://www.hotmoka.io}},
  year = 	 {2021}
}

% https://www.oreilly.com/library/view/mastering-ethereum/9781491971932/
@book{AntonopoulosW18,
  title={Mastering {E}thereum: {B}uilding {S}mart {C}ontracts and {D}apps},
  author={Antonopoulos, A.~M. and Wood, G.},
  year={2018},
  publisher={O'Reilly}
}

@Unpublished{Nakamoto08,
        author = {Nakamoto, S.},
        note = {Available at \url{https://bitcoin.org/bitcoin.pdf}},
        title = {Bitcoin: {A} {P}eer-to-{P}eer {E}lectronic {C}ash {S}ystem},
        year = {2008}
}

@inproceedings{Spoto19,
	author    = {Spoto, F.},
	title     = {A {J}ava {F}ramework for {S}mart {C}ontracts},
	booktitle = {3rd Wokshop on Trusted Smart Contracts (WTSC'19)},
	series    = {Lecture Notes in Computer Science},
	address   = {St.\ Kitts and Nevis},
	volume    = {11599},
	pages     = {122--137},
	publisher = {Springer},
	month     = {February},
	year      = {2019}
}

@inproceedings{Spoto20,
  author    = {Spoto, F.},
  title     = {Enforcing {D}eterminism of {J}ava {S}mart {C}ontracts},
  booktitle = {4th Wokshop on Trusted Smart Contracts (WTSC'20)},
  series    = {Lecture Notes in Computer Science},
  volume    = {12063},
  pages     = {568--583},
  publisher = {Springer},
  year      = {2020},
  address   = {Kota Kinabalu, Malaysia},
  month     = {February}
}

% https://dl.acm.org/doi/book/10.5555/3164842
@book{book-mastering-bitcoin,
    author = {Antonopoulos, Andreas M.},
    title = {Mastering Bitcoin: Programming the Open Blockchain},
    year = {2017},
    isbn = {1491954388},
    publisher = {Oâ€™Reilly Media, Inc.},
    edition = {2nd}
}

%  _____        _____  ______ _____
% |  __ \ /\   |  __ \|  ____|  __ \
% | |__) /  \  | |__) | |__  | |__) |
% |  ___/ /\ \ |  ___/|  __| |  _  /
% | |  / ____ \| |    | |____| | \ \
% |_| /_/    \_\_|    |______|_|  \_\  & OFFICIALS

% https://ethereum.github.io/yellowpaper/paper.pdf
@misc{yellow-paper,
     title={Ethereum: A secure decentralised generalised transaction ledger},
     author={Wood, Gavin},
     year={2014},
     edition={PETERSBURG VERSION 4ea7b96 - 2020-06-08}
}

% https://blockchainlab.com/pdf/Ethereum_white_paper-a_next_generation_smart_contract_and_decentralized_application_platform-vitalik-buterin.pdf
@misc{white-paper,
    title={A Next-Generation Smart Contract and Decentralized Application Platform},
    author={Vitalik Buterin},
    year={2015}
}