@inproceedings{BeniniGMS21,
  author    = {Benini, A. and Gambini, M. and Migliorini, S. and Spoto, F.},
  title     = {Power and {P}itfalls of {G}eneric {S}mart {C}ontracts},
  booktitle = {Third International Conference on Blockchain Computing and Applications (BCCA'21)},
  address   = {Tartu, Estonia},
  month     = {November},
  pages     = {179--186},
  publisher = {{IEEE}},
  year      = {2021},
  note      = {\url{https://doi.org/10.1109/BCCA53669.2021.9657048}}
}

@article{IgarashiPW01,
  author    = {Igarashi, A. and
               Pierce, B.~C. and
               Wadler, P.},
  title     = {Featherweight {J}ava: {A} {M}inimal {C}ore {C}alculus for {J}ava and {GJ}},
  journal   = {{ACM} Transactions on Programming Languages and Systems (TOPLAS)},
  volume    = {23},
  number    = {3},
  pages     = {396--450},
  year      = {2001},
  note      = {\url{https://doi.org/10.1145/503502.503505}}
}

@inproceedings{Spoto16,
  author    = {Spoto, F.},
  title     = {The {J}ulia {S}tatic {A}nalyzer for {J}ava},
  booktitle = {Proc.\ of the 23rd Static Analysis Symposium (SAS)},
  address   = {Edinburgh, UK},
  month     = {September},
  series    = {Lecture Notes in Computer Science},
  volume    = {9837},
  pages     = {39--57},
  publisher = {Springer},
  year      = {2016}
}

@Unpublished{cosmos,
  title = 	 {Cosmos: {T}he {I}nternet of {B}lockchains},
  note = 	 {\url{https://cosmos.network}},
  key = 	 {cosmos},
}

@Unpublished{Kwon14,
  author  = {Kwon, J.},
  title   = {Tendermint: {C}onsensus without {M}ining},
  note    = {\url{https://tendermint.com/static/docs/tendermint.pdf}},
  year    = {2014}
}

@Book{NaftalinW06,
  author    = {Naftalin, M. and Wadler, P.},
  publisher = {O'Reilly Media},
  title     = {Java {G}enerics and {C}ollections},
  year      = {2006}
}

@Unpublished{hyperldeger,
  title = {Hyperledger -- {O}pen {S}ource {B}lockchain {T}echnologies},
  note  = {\url{https://www.hyperledger.org}},
  key   = {hyperledger},
}

@misc{Buterin13,
  author = {Buterin, V.},
  title  = {Ethereum {W}hitepaper},
  note   = { \url{https://ethereum.org/en/whitepaper/}},
  year   = {2013}
}

@inproceedings{CrafaPZ19,
  author    = {Crafa, S. and
               Di Pirro, M. and
               Zucca, E.},
  title     = {Is {S}olidity {S}olid {E}nough?},
  booktitle = {3rd Workshop on Trusted Smart Contracts (WTSC'19)},
  series    = {Lecture Notes in Computer Science},
  address   = {St.\ Kitts and Nevis},
  volume    = {11599},
  pages     = {138--153},
  publisher = {Springer},
  year      = {2019}
}

@Misc{dao16,
  author =       {Siegel, D.},
  title =        {Understanding the {DAO} {A}ttack},
  howpublished = {\url{https://www.coindesk.com/understanding-dao-hack-journalists}},
  month =        {June},
  year =         {2016}
}

@Misc{hotmoka,
  key          = {hotmoka},
  title        = {Hotmoka -- {B}lockchain and {I}o{T} with {S}mart {C}ontracts in {J}ava},
  howpublished = {Available at \url{https://www.hotmoka.io}},
  year         = {2021}
}

@Manual{hotmoka_repository,
  title        = {Hotmoka Github Repository},
  author       = {Spoto, F.},
  organization = {GitHub Inc.},
  year         = {2018--2022},
  note         = {Available at \url{https://github.com/Hotmoka/hotmoka}}
}

% https://www.oreilly.com/library/view/mastering-ethereum/9781491971932/
@book{AntonopoulosW18,
  title     = {Mastering {E}thereum: {B}uilding {S}mart {C}ontracts and {D}apps},
  author    = {Antonopoulos, A. M. and Wood, G.},
  year      = {2018},
  publisher = {O'Reilly}
}

@Unpublished{Nakamoto08,
  author = {Nakamoto, S.},
  note   = {Available at \url{https://bitcoin.org/bitcoin.pdf}},
  title  = {Bitcoin: {A} {P}eer-to-{P}eer {E}lectronic {C}ash {S}ystem},
  year   = {2008}
}

@inproceedings{Spoto19,
	author    = {Spoto, F.},
	title     = {A {J}ava {F}ramework for {S}mart {C}ontracts},
	booktitle = {3rd Workshop on Trusted Smart Contracts (WTSC'19)},
	series    = {Lecture Notes in Computer Science},
	address   = {St.\ Kitts and Nevis},
	volume    = {11599},
	pages     = {122--137},
	publisher = {Springer},
	month     = {February},
	year      = {2019}
}

@inproceedings{Spoto20,
  author    = {Spoto, F.},
  title     = {Enforcing {D}eterminism of {J}ava {S}mart {C}ontracts},
  booktitle = {4th Workshop on Trusted Smart Contracts (WTSC'20)},
  series    = {Lecture Notes in Computer Science},
  volume    = {12063},
  pages     = {568--583},
  publisher = {Springer},
  year      = {2020},
  address   = {Kota Kinabalu, Malaysia},
  month     = {February}
}

% https://dl.acm.org/doi/book/10.5555/3164842
@book{book-mastering-bitcoin,
    author    = {Antonopoulos, A.~M.},
    title     = {{M}astering {B}itcoin: {P}rogramming the {O}pen {B}lockchain},
    year      = {2017},
    isbn      = {1491954388},
    publisher = {O'Reilly Media, Inc.},
    edition   = {2nd}
}

%
% --- related work --------------
%

% https://dl.acm.org/doi/10.1145/2248418.2248421
@article{generics_embedded_systems,
  author    = {Sallenave, O. and Ducournau, R.},
  title     = {{L}ightweight {G}enerics in {E}mbedded {S}ystems through {S}tatic {A}nalysis},
  year      = {2012},
  volume    = {47},
  number    = {5},
  issn      = {0362-1340},
  note      = {\url{https://doi.org/10.1145/2345141.2248421}},
  __doi       = {10.1145/2345141.2248421},
  journal   = {SIGPLAN Not.},
  pages     = {11--20},
  __publisher = {Association for Computing Machinery},
  __address   = {New York, NY, USA},
}

% https://dl.acm.org/doi/10.1145/263699.263715
@inproceedings{generics_categories,
  author    = {Odersky, M. and Wadler, P.},
  title     = {{P}izza into {J}ava: {T}ranslating {T}heory into {P}ractice},
  year      = {1997},
  note      = {\url{https://doi.org/10.1145/263699.263715}},
  __doi       = {10.1145/263699.263715},
  booktitle = {Proceedings of the 24th ACM SIGPLAN-SIGACT Symposium on Principles of Programming Languages},
  pages     = {146--159},
  location  = {Paris, France},
  __isbn      = {0897918533},
  __publisher = {Association for Computing Machinery},
  __address   = {New York, NY, USA},
  __series    = {POPL '97}
}

% https://dl.acm.org/doi/abs/10.1145/3385412.3385982
@inproceedings{solythesis_solidity_validation,
  author    = {Li, A. and Choi, J. A. and Long, F.},
  title     = {{S}ecuring {S}mart {C}ontract with {R}untime {V}alidation},
  year      = {2020},
  note      = {\url{https://doi.org/10.1145/3385412.3385982}},
  __doi       = {10.1145/3385412.3385982},
  booktitle = {Proceedings of the 41st ACM SIGPLAN Conference on Programming Language Design and Implementation},
  pages     = {438--453},
  numpages  = {16},
  keywords  = {compiler, smart contract, runtime validation},
  __location  = {London, UK},
  __series    = {PLDI 2020},
  __isbn      = {9781450376136},
  __publisher = {Association for Computing Machinery},
  __address   = {New York, NY, USA},
}

% https://dl.acm.org/doi/book/10.5555/526906
@book{software_engineering,
  author    = {Humphrey, W. S.},
  title     = {{A} {D}iscipline for {S}oftware {E}ngineering},
  year      = {1995},
  isbn      = {0201847485},
  publisher = {Addison-Wesley Longman Publishing Co., Inc.},
  address   = {USA},
}

% https://dl.acm.org/doi/10.1145/3395363.3397385
@inproceedings{effectiveness_analysis_tools,
  author    = {Ghaleb, A. and Pattabiraman, K.},
  title     = {{H}ow {E}ffective are {S}mart {C}ontract {A}nalysis {T}ools? {E}valuating {S}mart {C}ontract {S}tatic {A}nalysis {T}ools {U}sing {B}ug {I}njection},
  year      = {2020},
  note      = {\url{https://doi.org/10.1145/3395363.3397385}},
  __doi       = {10.1145/3395363.3397385},
  pages     = {415--427},
  numpages  = {13},
  location  = {Virtual Event, USA},
  __series    = {ISSTA 2020},
  __isbn      = {9781450380089},
  __publisher = {Association for Computing Machinery},
  __address   = {New York, NY, USA},
}

% https://dl.acm.org/doi/10.1145/3293882.3338999
@inproceedings{safevm,
  author    = {Albert, E. and Correas, J. and Gordillo, P. and Rom\'{a}n-D\'{\i}ez, G. and Rubio, A.},
  title     = {{SAFEVM}: {A} {S}afety {V}erifier for {E}thereum {S}mart {C}ontracts},
  year      = {2019},
  note      = {\url{https://doi.org/10.1145/3293882.3338999}},
  __doi       = {10.1145/3293882.3338999},
  booktitle = {Proc. of the 28th ACM SIGSOFT International Symposium on Software Testing and Analysis},
  pages     = {386--389},
  numpages  = {4},
  keywords  = {Safety verification, Ethereum blockchain, Smart contracts},
  location  = {Beijing, China},
  __isbn      = {9781450362245},
  __series    = {ISSTA 2019},
  __publisher = {Association for Computing Machinery},
  __address   = {New York, NY, USA},
}

% https://dl.acm.org/doi/10.1145/3167084
@inproceedings{hol_smart_constracts,
  author    = {Amani, S. and B\'{e}gel, M. and Bortin, M. and Staples, M.},
  title     = {{T}owards {V}erifying {E}thereum {S}mart {C}ontract {B}ytecode in {I}sabelle/{HOL}},
  year      = {2018},
  note      = {\url{https://doi.org/10.1145/3167084}},
  __doi       = {10.1145/3167084},
  pages     = {66--77},
  numpages  = {12},
  keywords  = {smart contracts, blockchain, formal verification, Isabelle/HOL, Ethereum},
  location  = {Los Angeles, CA, USA},
  __isbn      = {9781450355865},
  __series    = {CPP 2018},
  __publisher = {Association for Computing Machinery},
  __address   = {New York, NY, USA},
}

% https://dl.acm.org/doi/10.1145/3360611
@article{scilla,
  author     = {Sergey, I. and Nagaraj, V. and Johannsen, J. and Kumar, A. and Trunov, A. and Hao, K. C. G.},
  title      = {{S}afer {S}mart {C}ontract {P}rogramming with {S}cilla},
  year       = {2019},
  issue_date = {October 2019},
  journal    = {Proc. ACM Program. Lang.},
  volume     = {3},
  number     = {OOPSLA},
  note       = {\url{https://doi.org/10.1145/3360611}},
  __doi        = {10.1145/3360611},
  month      = oct,
  articleno  = {185},
  numpages   = {30},
  keywords   = {Blockchain, Static Analysis, Domain-Specific Languages, Smart Contracts},
  __publisher  = {Association for Computing Machinery},
  __address    = {New York, NY, USA},
}

% https://ieeexplore.ieee.org/document/8946210
@inproceedings{bytecode_rewriting,
  author    = {Ayoade, G. and Bauman, E. and Khan, L. and Hamlen, K.},
  title     = {{S}mart {C}ontract {D}efense through {B}ytecode {R}ewriting}, 
  booktitle = {2019 IEEE International Conference on Blockchain (Blockchain)}, 
  year      = {2019},
  pages     = {384--389},
  note      = {\url{https://doi.org/10.1109/Blockchain.2019.00059}},
  __doi       = {10.1109/Blockchain.2019.00059}
}

% https://doi.org/10.1007/978-3-030-01090-4_30
@inproceedings{ethir,
  author    = {Albert, E. and Gordillo, P. and Livshits, B. and Rubio, A. and Sergey, I.},
  title     = {Eth{IR}: {A} {F}ramework for {H}igh-{L}evel {A}nalysis of {E}thereum {B}ytecode},
  booktitle = {Automated Technology for Verification and Analysis},
  year      = {2018},
  pages     = {513--520},
  note      = {\url{https://doi.org/10.1007/978-3-030-01090-4_30}},
  __doi       = {10.1007/978-3-030-01090-4_30}
}

% https://ieeexplore.ieee.org/document/9054825
@inproceedings{smartshield,
  author    = {Zhang, Y. and Ma, S. and Li, J. and Li, K. and Nepal, S. and Gu, D.},
  title     = {{SMARTSHIELD}: {A}utomatic {S}mart {C}ontract {P}rotection {M}ade {E}asy}, 
  booktitle = {IEEE 27th International Conference on Software Analysis, Evolution and Reengineering (SANER)}, 
  year      = {2020},
  pages     = {23--34},
  note      = {\url{https://doi.org/10.1109/SANER48275.2020.9054825}},
  __doi       = {10.1109/SANER48275.2020.9054825}
}

% https://link.springer.com/chapter/10.1007%2F978-3-030-20618-5_9
@inproceedings{ebp,
  author    = {Migliorini, S. and Gambini, M. and Combi, C. and La Rosa, M.},
  title     = {The {R}ise of {E}nforceable {B}usiness {P}rocesses from the {H}ashes of {B}lockchain-{B}ased {S}mart {C}ontracts},
  booktitle = {Enterprise, Business-Process and Information Systems Modeling},
  year      = {2019},
  publisher = {Springer International Publishing},
  pages     = {130--138},
  note      = {\url{https://doi.org/10.1007/978-3-030-20618-5_9}},
  __doi       = {10.1007/978-3-030-20618-5_9}
}

% https://ieeexplore.ieee.org/document/8763832
@inproceedings{smart_contracts_verification,
  author    = {Murray, Y. and Anisi, D. A.},
  title     = {Survey of {F}ormal {V}erification {M}ethods for {S}mart {C}ontracts on {B}lockchain},
  booktitle = {2019 10th IFIP International Conference on New Technologies, Mobility and Security (NTMS)}, 
  year      = {2019},
  pages     = {1-6},
  note      = {\url{https://doi.org/10.1109/NTMS.2019.8763832}},
  __doi       = {10.1109/NTMS.2019.8763832}
}  

% https://www.sciencedirect.com/science/article/pii/S0736585318306324
@article{blockchain_applications,
 title   = {A {S}ystematic {L}iterature {R}eview of {B}lockchain-based {A}pplications: {C}urrent {S}tatus, {C}lassification and {O}pen {I}ssues},
 author  = {Fran Casino and Thomas K. Dasaklis and Constantinos Patsakis},
 journal = {Telematics and Informatics},
 volume  = {36},
 pages   = {55-81},
 year    = {2019},
 issn    = {0736-5853},
 __doi     = {10.1016/j.tele.2018.11.006},
 note     = {\url{https://doi.org/10.1016/j.tele.2018.11.006}},
}


%  _____        _____  ______ _____
% |  __ \ /\   |  __ \|  ____|  __ \
% | |__) /  \  | |__) | |__  | |__) |
% |  ___/ /\ \ |  ___/|  __| |  _  /
% | |  / ____ \| |    | |____| | \ \
% |_| /_/    \_\_|    |______|_|  \_\  & OFFICIALS

% https://ethereum.github.io/yellowpaper/paper.pdf
@misc{yellow-paper,
     title={Ethereum: A secure decentralised generalised transaction ledger},
     author={Wood, Gavin},
     year={2014},
     edition={PETERSBURG VERSION 4ea7b96 - 2020-06-08}
}

% https://blockchainlab.com/pdf/Ethereum_white_paper-a_next_generation_smart_contract_and_decentralized_application_platform-vitalik-buterin.pdf
@misc{white-paper,
    title={A Next-Generation Smart Contract and Decentralized Application Platform},
    author={Vitalik Buterin},
    year={2015}
}